@online{bye_algo_lecture_ref,
  author = "Samir Khuller",
  title = "CMSC 858K Advanced Algorithms (lectures 4 and 5)"
  url = "https://www.cs.umd.edu/class/fall2018/cmsc858E/pdfs/651/vc.pdf"
}